<record><leader>00000cas a22000007a 4500</leader><controlfield tag="001">35164243</controlfield><controlfield tag="008">960730d189u190ucaudn ne      0    0eng d</controlfield><datafield ind1=" " ind2=" " tag="010"><subfield code="a">sn 96061087 </subfield></datafield><datafield ind1=" " ind2=" " tag="040"><subfield code="a">CNK</subfield><subfield code="b">eng</subfield><subfield code="c">CNK</subfield><subfield code="d">OCLCQ</subfield><subfield code="d">OCLCF</subfield><subfield code="d">OCLCO</subfield></datafield><datafield ind1=" " ind2=" " tag="042"><subfield code="a">msc</subfield></datafield><datafield ind1=" " ind2=" " tag="043"><subfield code="a">n-us-ca</subfield></datafield><datafield ind1="0" ind2="0" tag="245"><subfield code="a">Watsonville daily register.</subfield></datafield><datafield ind1="3" ind2=" " tag="246"><subfield code="a">Watsonville register</subfield></datafield><datafield ind1=" " ind2=" " tag="260"><subfield code="a">Watsonville, Cal. :</subfield><subfield code="b">Chas. E. Peckham</subfield></datafield><datafield ind1=" " ind2=" " tag="300"><subfield code="a">v.</subfield></datafield><datafield ind1=" " ind2=" " tag="310"><subfield code="a">Daily (except Mon.)</subfield></datafield><datafield ind1=" " ind2=" " tag="500"><subfield code="a">"Daily" appears in smaller type within masthead title, &lt;Dec. 5, 1897-July 11, 1907&gt;</subfield></datafield><datafield ind1=" " ind2=" " tag="588"><subfield code="a">Description based on: Vol. 2, no. 62 (Feb. 1, 1895).</subfield></datafield><datafield ind1=" " ind2="0" tag="651"><subfield code="a">Watsonville (Calif.)</subfield><subfield code="v">Newspapers.</subfield></datafield><datafield ind1=" " ind2="7" tag="655"><subfield code="a">Newspapers.</subfield><subfield code="2">fast</subfield><subfield code="0">(OCoLC)fst01423814</subfield></datafield><datafield ind1=" " ind2="7" tag="651"><subfield code="a">California</subfield><subfield code="z">Watsonville.</subfield><subfield code="2">fast</subfield><subfield code="0">(OCoLC)fst01204371</subfield></datafield><datafield ind1=" " ind2=" " tag="752"><subfield code="a">United States</subfield><subfield code="b">California</subfield><subfield code="c">Santa Cruz</subfield><subfield code="d">Watsonville.</subfield></datafield></record>